@article{unix,
  title={UNIX изнутри},
  author={Вахалия, Юреш},
  year={2003},
  publisher={Питер}
}

@book{win,
  title={Внутреннее устройство Windows. 7-е изд.},
  author={Руссинович, Марк and Соломон, Дэвид and Ионеску, Алекс and Йосифович, Павел},
  year={2022},
  publisher={Питер}
}